<?xml version="1.0" encoding="UTF-8"?><record xmlns="http://www.loc.gov/MARC21/slim" xmlns:cinclude="http://apache.org/cocoon/include/1.0" xmlns:zs="http://www.loc.gov/zing/srw/">
  <leader>01478cz  a2200193n  4500</leader>
  <controlfield tag="001">n 2011200473</controlfield>
  <controlfield tag="003">DLC</controlfield>
  <controlfield tag="005">20150731074037.0</controlfield>
  <controlfield tag="008">120213n| acannaabn          |a aaa      </controlfield>
  <datafield tag="010" ind1=" " ind2=" ">
    <subfield code="a">n 2011200473</subfield>
  </datafield>
  <datafield tag="035" ind1=" " ind2=" ">
    <subfield code="a">(OCoLC)oca09114666</subfield>
  </datafield>
  <datafield tag="040" ind1=" " ind2=" ">
    <subfield code="a">DLC</subfield>
    <subfield code="b">eng</subfield>
    <subfield code="c">DLC</subfield>
    <subfield code="d">DLC</subfield>
    <subfield code="d">CoU</subfield>
  </datafield>
  <datafield tag="100" ind1="0" ind2=" ">
    <subfield code="a">ʼJigs-med-gling-pa Rang-byung-rdo-rje,</subfield>
    <subfield code="d">1729 or 1730-1798.</subfield>
    <subfield code="t">Bskyed rim lhaʼi khrid kyi rnam par gźag pa ʼog min bgrod paʼi them skas źes bya ba bźugs so.</subfield>
    <subfield code="l">English &amp; Tibetan</subfield>
  </datafield>
  <datafield tag="400" ind1="0" ind2=" ">
    <subfield code="a">ʼJigs-med-gling-pa Rang-byung-rdo-rje,</subfield>
    <subfield code="d">1729 or 1730-1798.</subfield>
    <subfield code="t">Longchen nyingthig deity practice</subfield>
  </datafield>
  <datafield tag="400" ind1="0" ind2=" ">
    <subfield code="a">ʼJigs-med-gling-pa Rang-byung-rdo-rje,</subfield>
    <subfield code="d">1729 or 1730-1798.</subfield>
    <subfield code="t">Presentation of instructions for the development stage deity, "a stairway leading to Akanishtha"</subfield>
  </datafield>
  <datafield tag="400" ind1="0" ind2=" ">
    <subfield code="a">ʼJigs-med-gling-pa Rang-byung-rdo-rje,</subfield>
    <subfield code="d">1729 or 1730-1798.</subfield>
    <subfield code="t">Stairway leading to Akanishtha</subfield>
  </datafield>
  <datafield tag="400" ind1="0" ind2=" ">
    <subfield code="w">nnea</subfield>
    <subfield code="a">ʼJigs-med-gliṅ-pa Raṅ-byuṅ-rdo-rje,</subfield>
    <subfield code="d">1729 or 30-1798.</subfield>
    <subfield code="t">Bskyed rim lhaʼi khrid kyi rnam par gźag pa ʼog min bgrod paʼi them skas źes bya ba bźugs so.</subfield>
    <subfield code="l">English &amp; Tibetan</subfield>
  </datafield>
  <datafield tag="667" ind1=" " ind2=" ">
    <subfield code="a">THIS 1XX FIELD CANNOT BE USED UNDER RDA UNTIL THIS RECORD HAS BEEN REVIEWED AND/OR UPDATED</subfield>
  </datafield>
  <datafield tag="670" ind1=" " ind2=" ">
    <subfield code="a">Presentation of instructions for the development stage deity, "a stairway leading to Akanishtha", 2011:</subfield>
    <subfield code="b">spine (Longchen nyingthig deity practice) running title (Stairway leading to Akanishtha) p. 99 (Bskyed rim lhaʼi khrid kyi rnam par gźag pa ʼog min bgrod paʼi them skas źes bya ba bźugs so)</subfield>
  </datafield>
</record>